<?xml version="1.0" encoding="UTF-8"?><collection xmlns="http://www.loc.gov/MARC21/slim"><record><leader>00401nam--2200133-i-4500</leader><controlfield tag="001">000013606</controlfield><controlfield tag="002">20161230</controlfield><controlfield tag="005">20161230201030</controlfield><controlfield tag="008">060222s1000------------r-----000-0-eng-d</controlfield><datafield ind1=" " ind2=" " tag="080"><subfield code="a">621.039.85:547</subfield></datafield><datafield ind1=" " ind2=" " tag="245"><subfield code="a">Isotopes in organic chemistry vol.5: isotopes in cationic reactions</subfield></datafield><datafield ind1=" " ind2=" " tag="260"><subfield code="a">Amsterdam, Elsevier Scientific Publishing,1980 Xiii + 324 P</subfield></datafield><datafield ind1=" " ind2=" " tag="700"><subfield code="a">Buncel, E.And Lee, C.C</subfield></datafield><datafield ind1=" " ind2=" " tag="852"><subfield code="a">43317</subfield></datafield></record></collection>